@article{duranton2005testing,
  title={Testing for localization using micro-geographic data},
  author={Duranton, Gilles and Overman, Henry G},
  journal={The Review of Economic Studies},
  volume={72},
  number={4},
  pages={1077--1106},
  year={2005},
  publisher={Wiley-Blackwell}
}


@article{ellison1997geographic,
  title={Geographic concentration in US manufacturing industries: a dartboard approach},
  author={Ellison, Glenn and Glaeser, Edward L},
  journal={Journal of Political Economy},
  volume={105},
  number={5},
  pages={889--927},
  year={1997},
  publisher={The University of Chicago Press}
}

@article{maurel1999measure,
  title={A measure of the geographic concentration in French manufacturing industries},
  author={Maurel, Fran{\c{c}}oise and S{\'e}dillot, B{\'e}atrice},
  journal={Regional Science and Urban Economics},
  volume={29},
  number={5},
  pages={575--604},
  year={1999},
  publisher={Elsevier}
}

@article{devereux2004geographic,
  title={The geographic distribution of production activity in the UK},
  author={Devereux, Michael P and Griffith, Rachel and Simpson, Helen},
  journal={Regional Science and Urban Economics},
  volume={34},
  number={5},
  pages={533--564},
  year={2004},
  publisher={Elsevier}
}

@article{alfaro2014global,
  title={The global agglomeration of multinational firms},
  author={Alfaro, Laura and Chen, Maggie Xiaoyang},
  journal={Journal of International Economics},
  volume={94},
  number={2},
  pages={263--276},
  year={2014},
  publisher={Elsevier}
}

@article{ellison2010causes,
  title={What causes industry agglomeration? Evidence from coagglomeration patterns},
  author={Ellison, Glenn and Glaeser, Edward L and Kerr, William R},
  journal={American Economic Review},
  volume={100},
  number={3},
  pages={1195--1213},
  year={2010}
}